@book{曾谨言2013量子力学,
  title     = {量子力学: 卷 I},
  author    = {曾谨言 and 曾谨言 and 曾谨言 and 曾谨言},
  year      = {2013},
  publisher = {科学出版社},
  address   = {北京},
  pages     = {1-10},
  edition   = {2},
  key       = {zeng1jin3yan3}
}

@book{feynman2011,
  title     = {The Feynman lectures on physics, Vol. I: The new millennium edition: mainly mechanics, radiation, and heat},
  author    = {Feynman, Richard P and Leighton, Robert B and Sands, Matthew},
  volume    = {1},
  year      = {2011},
  publisher = {Basic books},
  pages     = {2-8},
  edition   = {7},
  url       = {https://arxiv.org/abs/2201.00067}
}

@article{zurek2014quantum,
  title   = {Quantum Darwinism, classical reality, and the randomness of quantum jumps},
  author  = {Zurek, Wojciech H},
  journal = {arXiv preprint arXiv:1412.5206},
  year    = {2014},
  volume  = {1},
  number  = {7},
  pages   = {2-8},
}

@book{cohen2013claude,
  title     = {Claude Cohen-Tannoudji; Bernard Diu; Franck Lalo{\"e}: Quantenmechanik},
  author    = {Cohen-Tannoudji, Claude and Diu, Bernard and Lalo{\"e}, Franck},
  volume    = {1},
  year      = {2013},
  publisher = {Walter de Gruyter},
  edition   = {2},
}

@misc{zettili2003quantum,
  title     = {Quantum mechanics: concepts and applications},
  author    = {Zettili, Nouredine},
  year      = {2003},
  publisher = {AAPT}
}

@misc{wikimedia:stern-gerlach-experiment,
  author = {Wikimedia Commons},
  title  = {File:Stern-Gerlach experiment zh.png --- Wikimedia Commons{,} the free media repository},
  year   = {2016},
  url    = {https://commons.wikimedia.org/w/index.php?titleFile:Stern-Gerlach_experiment_zh.png&oldid221590546},
  note   = {[Online; accessed 25-July-2019]},
}

@inproceedings{邱泽奇建构与分化,
  author       = {邱泽奇},
  title        = {建构与分化：当代中国社会结构的过程},
  booktitle    = {社区研究与社会发展},
  year         = {2012},
  editor       = {潘乃谷，马戎},
  editortype   = {editor},
  booksubtitle = {中国社会学纪念费孝通教授学术活动60周年学术讨论会},
  date         = {2012},
  location     = {北京},
  address      = {天津},
  publisher    = {海洋出版社},
  organization = {组织}
}

@article{李晓东rawtype,
  author       = {李晓东 and 张庆红 and 叶瑾琳},
  title        = {气候学研究的若干理论问题},
  journaltitle = {北京大学学报：自然科学版},
  year         = {1999},
  volume       = {35},
  number       = {1},
  pages        = {101-106}
}

@article{Ahnrawtype,
  author       = {Steven Ahn and Steven D. Tanksley},
  title        = {Comparative linkage maps of the rice and maize genomes},
  journaltitle = {Proceedings of the National Academy of Sciences of the United States of America},
  year         = {1993},
  volume       = {90},
  pages        = {7980-7984}
}

@newspaper{丁文祥rawtype,
  author       = {丁文祥},
  title        = {数字革命与竞争国际化},
  journaltitle = {中国青年报},
  date         = {2000-11-20},
  number       = {15}
}

@proceedings{邱泽奇会议论文集rawtype,
  author    = {邱泽奇},
  title     = {建构与分化：当代中国社会结构的过程},
  publisher = {中国社会学纪念费孝通教授学术活动 60 周年学术讨论会},
  year      = {1996},
  address   = {北京}
}

@proceedings{雷光春rawtype,
  author    = {雷光春},
  title     = {综合湿地管理：综合湿地管理国际研讨会论文集},
  location  = {北京},
  publisher = {海洋出版社},
  year      = {2012},
}

@proceedings{zhangrawtype,
  author     = {Zhang, Qifa and Gao, YJ and Yang, SH and Ragab, RA and Maroof, MA and Li, ZB},
  title      = {Molecular marker-based analysis of heterosis in hybrid rice},
  eventtitle = {Abstract, 7th Annual Meeting of the Rockefeller Foundation's International Program on Rice Biotechnology},
  year       = {1994},
  address    = {Bali, Indonesia},
}

@inproceedings{邱泽奇会议论文rawtype,
  author     = {邱泽奇},
  title      = {建构与分化：当代中国社会结构的过程},
  editor     = {潘乃谷 and 马戎},
  editortype = {editor},
  booktitle  = {社区研究与社会发展},
  eventtitle = {中国社会学纪念费孝通教授学术活动 60 周年学术讨论会},
  address    = {北京},
  eventdate  = {1996},
  location   = {天津},
  year       = {1998},
  publisher  = {天津农业科技术出版社},
  pages      = {1-10}
}

@book{马克思rawtype,
  title     = {马克思恩格斯选集（第一卷）},
  location  = {北京},
  publisher = {人民出版社},
  year      = {1995},
  pages     = {22-23},
}

@book{Fothrawtype,
  author    = {Henry D. Foth},
  title     = {Fundamentals of soil science},
  edition   = {7},
  location  = {New York},
  publisher = {John Wiley & Sons},
  year      = {1984},
  pages     = {151-159},
}

@inbook{杨国枢rawtype,
  author     = {杨国枢},
  title      = {中国人对现代化的反应：心理学的观点},
  editor     = {乔健},
  editortype = {editor},
  booktitle  = {中国人的观念与行为},
  location   = {天津},
  publisher  = {天津人民出版社},
  year       = {1995},
  pages      = {209-239},
}

@inbook{Morisonrawtype,
  author     = {James I L Morison},
  title      = {Intercellular $\mathrm{CO}_2$ concentration and stomatal responses to $\mathrm{CO}_2$},
  editor     = {Eduardo Zeiger and Eduardo Zeiger and Eduardo Zeiger and Eduardo Zeiger},
  editortype = {editor},
  booktitle  = {Stomatal Function},
  location   = {Stanford},
  publisher  = {Stanford University Press},
  year       = {1987},
  pages      = {229-251}
}

@phdthesis{张志祥rawtype,
  author      = {张志祥},
  title       = {间断动力系统的随机扰动及其在守恒律方程中的应用},
  location    = {北京},
  institution = {北京大学},
  year        = {1998}
}

@mastersthesis{徐秀英rawtype,
  author      = {徐秀英},
  title       = {家庭教育对低年级小学生语文学习习惯的影响及对策研究},
  location    = {武汉},
  institution = {华中师范大学},
  year        = {2013}
}

@mastersthesis{Aldemitarawtype,
  author    = {Rhodora Romero Aldemita},
  title     = {Genetic Engineering of rice: Agrobacterium tumefaciens-mediatedtransformation of rice and evaluation of a corn pollen-specific promoter using the gusA gene in transgenic rice},
  location  = {West Lafyatte},
  publisher = {Purdue University},
  year      = {1998}
}

@patent{张凯军rawtype,
  author = {张凯军},
  title  = {轨道火车及高速轨道火车紧急安全制动辅助装置},
  number = {201220158825.2},
  date   = {2012-04-05}
}

@patent{Kosekrawtype,
  author = {Kosek, A and Momose, H and Kawahito, M and Alan Turling},
  title  = {Compiler},
  number = {US, 828402},
  date   = {2002-05-25}
}

@standard{文献编写rawtype,
  author    = {全国文献工作标准化技术委员会第六分委员会},
  title     = {GB 6447-86. 文献编写规则},
  location  = {北京},
  publisher = {中国标准出版社},
  year      = {1986}
}

@report{国防白皮rawtype,
  author  = {中华人民共和国国务院新闻办公室},
  title   = {国防白皮书：中国武装力量的多样化运用},
  date    = {2013-04-16},
  urldate = {2014-06-11}
}

@report{federalrawtype,
  author      = {{U.S. Department of Transportation Federal Highway Administration}},
  title       = {Guidelines for bandling excavated acid-producing materials, PB 91-194001},
  location    = {Springfield},
  institution = {U.S. Department of Commerce National Information Service},
  date        = {1990},
  pages       = {22-23}
}

@report{healthrawtype,
  author      = {{World Health Organization}},
  title       = {Factors regulating the immune response: report of WHO Scientific Group},
  location    = {Geneva},
  institution = {WHO},
  year        = {1970},
  pages       = {10-11}
}

@article{江向东rawtype,
  author  = {江向东},
  title   = {互联网环境下的信息处理与图书管理系统解决方案},
  usera   = {J},
  journal = {情报学报},
  number  = {2},
  volume  = {18},
  year    = {1998},
  pages   = {4},
  urldate = {2000-01-18},
  url     = {http://www.chinainfo.gov.cn/periodical/gbxb/gbxb99/gbxb990203}
}

@online{萧钮rawtype,
  author  = {萧钮},
  title   = {出版业信息化迈入快车道},
  year    = {2001-12-19},
  urldate = {2002-04-15},
  url     = {http://www.creader.com/news/20011219/200112190019.html}
}

@online{Dublinrawtype,
  title   = {Dublin core metadata element set: version 1.1},
  year    = {2012-06-14},
  urldate = {2014-06-11},
  url     = {http://dublincore.org/documents/dees/}
}